@misc{buterin2014ethereum,
  title={Ethereum: A next-generation smart contract and decentralized application platform},
  author={Buterin, Vitalik},
  year={2014},
  howpublished={\url{https://ethereum.org/en/whitepaper/}},
  note={Accessed: 2023-10-05}
}

@misc{spiegelman2022bullsharkdagbftprotocols,
      title={Bullshark: DAG BFT Protocols Made Practical}, 
      author={Alexander Spiegelman and Neil Giridharan and Alberto Sonnino and Lefteris Kokoris-Kogias},
      year={2022},
      eprint={2201.05677},
      archivePrefix={arXiv},
      primaryClass={cs.CR},
      url={https://arxiv.org/abs/2201.05677}, 
}

@misc{nistsecurity,
  title={NIST Releases First 3 Finalized Post-Quantum Encryption Standards},
  author={NIST},
  year={2024},
  howpublished={\url{https://www.nist.gov/news-events/news/2024/08/nist-releases-first-3-finalized-post-quantum-encryption-standards}},
}

@misc{solana2020whitepaper,
  title={Solana: A new architecture for a high performance blockchain},
  author={Yakovenko, Anatoly},
  year={2020},
  howpublished={\url{https://solana.com/solana-whitepaper.pdf}},
  note={Accessed: 2023-10-05}
}

@misc{nakamoto2008bitcoin,
  title={Bitcoin: A peer-to-peer electronic cash system},
  author={Nakamoto, Satoshi},
  year={2008},
  howpublished={\url{https://bitcoin.org/bitcoin.pdf}},
}

@misc{nxt2014whitepaper,
  title={NXT Whitepaper},
  year={2014},
  howpublished={\url{https://wiki.nxtcrypto.org/wiki/Whitepaper:Nxt#Proof_of_Stake}},
  note={Accessed: 2023-10-05}
}

@misc{bitshares2014dpos,
  title={BitShares Delegated Proof of Stake},
  year={2014},
  howpublished={\url{https://github.com/BitShares/bitshares/wiki/Delegated-Proof-of-Stake}},
  note={Accessed: 2023-10-05}
}

@article{dwork1988consensus,
  title={Consensus in the presence of partial synchrony},
  author={Dwork, Cynthia and Lynch, Nancy and Stockmeyer, Larry},
  journal={Journal of the ACM},
  volume={35},
  number={2},
  pages={288--323},
  year={1988},
  publisher={ACM}
}

@inproceedings{kroll2013economics,
  title={The Economics of Bitcoin Mining or, Bitcoin in the Presence of Adversaries},
  author={Kroll, Joshua A and Davey, Ian C and Felten, Edward W},
  booktitle={Workshop on the Economics of Information Security},
  year={2013}
}

@article{eyal2014majority,
  title={Majority is not Enough: Bitcoin Mining is Vulnerable},
  author={Eyal, Ittay and Sirer, Emin G{\"u}n},
  year={2014},
  howpublished={\url{https://arxiv.org/abs/1311.0243}},
  note={Accessed: 2023-10-05}
}

@inproceedings{merkle1980protocols,
  title={Protocols for public key cryptosystems},
  author={Merkle, Ralph C},
  booktitle={Proc. 1980 Symposium on Security and Privacy},
  pages={122--133},
  year={1980},
  organization={IEEE}
}